<record><leader>00000cas a22000007a 4500</leader><controlfield tag="001">12067477</controlfield><controlfield tag="008">850522d18uu1854ohuwr ne      0    0eng d</controlfield><datafield ind1=" " ind2=" " tag="010"><subfield code="a">sn 85026158 </subfield></datafield><datafield ind1=" " ind2=" " tag="040"><subfield code="a">NPX</subfield><subfield code="b">eng</subfield><subfield code="c">NPX</subfield><subfield code="d">ONP</subfield><subfield code="d">OCLCQ</subfield></datafield><datafield ind1=" " ind2=" " tag="042"><subfield code="a">msc</subfield></datafield><datafield ind1="0" ind2="0" tag="245"><subfield code="a">Holmes County farmer and free press.</subfield></datafield><datafield ind1="1" ind2="3" tag="246"><subfield code="a">Holmes County farmer free press</subfield></datafield><datafield ind1="1" ind2="3" tag="246"><subfield code="a">Free press</subfield></datafield><datafield ind1="1" ind2="3" tag="246"><subfield code="a">Farmer &amp; free press</subfield></datafield><datafield ind1="1" ind2="3" tag="246"><subfield code="a">Holmes County farmer</subfield></datafield><datafield ind1=" " ind2=" " tag="260"><subfield code="a">Millersburg, Ohio :</subfield><subfield code="b">G.F. Newton,</subfield><subfield code="c">-1854.</subfield></datafield><datafield ind1=" " ind2=" " tag="300"><subfield code="a">v.</subfield></datafield><datafield ind1=" " ind2=" " tag="310"><subfield code="a">Weekly</subfield></datafield><datafield ind1="0" ind2=" " tag="362"><subfield code="a">-v. 16, no. 20 (July 13, 1854) = whole no. 852.</subfield></datafield><datafield ind1=" " ind2=" " tag="500"><subfield code="a">"Holmes County farmer and" appears in title ornament, &lt;1852&gt;.</subfield></datafield><datafield ind1=" " ind2=" " tag="500"><subfield code="a">Editor: R.S. McEwan, &lt;1852&gt;.</subfield></datafield><datafield ind1=" " ind2=" " tag="588"><subfield code="a">Description based on: Vol. 6, no. 36 (Oct. 10, 1844) = whole no. 296.</subfield></datafield><datafield ind1=" " ind2=" " tag="752"><subfield code="a">United States</subfield><subfield code="b">Ohio</subfield><subfield code="c">Holmes</subfield><subfield code="d">Millersburg.</subfield></datafield><datafield ind1="0" ind2="0" tag="780"><subfield code="t">Cosmopolite and Holmes County farmer</subfield></datafield><datafield ind1="0" ind2="0" tag="785"><subfield code="t">Farmer and Democrat</subfield><subfield code="w">(DLC)sn 88078391</subfield></datafield></record>